2948 5004
464 320 524 375 NA
532 317 671 374 TIVITA
679 318 744 373 TIS
768 319 915 375 MARIE.

329 430 402 483 547

60 538 123 603 iste
139 534 269 600 veniet:
285 535 407 599 saliens
422 535 455 598 in
472 535 662 600 montibus:

59 623 249 690 transiliens
280 624 389 688 colles.
437 628 469 702 01
499 624 664 688 Memoria

60 715 101 778 de
130 712 339 794 martyribus.
401 711 467 777 Oto
490 722 527 775 ut
554 723 662 794 supra.

64 802 186 882 Quinto
200 802 260 866 dt'c.
520 801 627 863 Lectio
631 800 662 882 j.

61 890 229 1025 Similis
254 897 305 953 est
332 888 472 952 dilectus
495 908 588 952 meus
611 909 665 952 ca-

128 999 205 1062 pree
242 977 447 1060 hinnuloque
484 996 662 1048 cervorum,

64 1069 119 1131 En
143 1068 214 1151 ipse
236 1075 303 1130 stat
318 1075 394 1148 post
410 1067 571 1148 parietem
588 1084 664 1128 nos-

63 1166 152 1220 trum
169 1156 332 1238 aspiciens
348 1175 407 1238 per
418 1155 579 1217 fenestras
588 1173 665 1236 pro-

62 1245 205 1326 spiciens
232 1264 292 1325 per
317 1242 489 1307 cancellos.
536 1242 590 1304 En
615 1243 665 1304 di-

63 1333 167 1397 lectus
180 1352 273 1396 meus
283 1331 429 1413 loquitur
444 1328 533 1394 mihi.
558 1331 665 1412 Surge

61 1441 203 1504 propera
232 1416 339 1483 a'mica
377 1439 473 1483 mea:
512 1417 665 1482 columba

64 1530 160 1574 mea:
177 1509 322 1572 formosa
338 1528 411 1571 mea
427 1515 462 1570 et
476 1506 561 1570 veni.
577 1507 618 1570 L.
630 1507 665 1588 ij.

61 1599 187 1773 Jam
218 1599 307 1660 enim
337 1594 495 1678 hyemps¹
534 1596 664 1658 transiit

133 1686 238 1749 imber
247 1685 329 1749 abiit
340 1694 375 1748 et
383 1684 525 1748 recessit.
550 1683 664 1746 Flores

64 1783 288 1856 apparuerunt
327 1774 360 1836 in
400 1782 487 1836 terra
524 1780 662 1837 nostra:

64 1872 197 1944 tempus
211 1862 392 1945 putationis
408 1860 551 1924 advenit
583 1861 663 1924 Vox

65 1952 200 2015 turturis
215 1951 330 2015 audita
352 1959 403 2013 est
426 1950 458 2012 in
483 1958 570 2012 terra
586 1968 663 2011 nos-

63 2047 134 2104 tra:
158 2039 239 2103 ficus
254 2038 392 2121 protulit
415 2057 547 2119 grossos
562 2056 662 2100 suos:

62 2129 157 2192 vinee
174 2127 328 2191 florentes
344 2126 480 2190 odorem
490 2125 662 2188 dederunt.

71 2219 193 2348 Vox
224 2214 355 2281 Christi.
380 2215 487 2295 Surge
512 2213 591 2297 [Lec.
614 2213 663 2295 iij.

146 2305 253 2368 amica
270 2323 360 2367 mea:
376 2304 526 2384 speciosa
542 2322 617 2365 mea
629 2310 663 2364 et

61 2393 145 2458 veni.
193 2392 359 2458 Columba
388 2392 422 2453 in
449 2390 664 2454 foraminibus

63 2490 177 2563 petre:
201 2481 234 2543 in
251 2500 391 2544 caverna
407 2480 556 2542 macerie.
600 2477 664 2542 Os·

65 2571 164 2632 tende
181 2570 260 2632 mihi
286 2569 404 2632 faciem
429 2577 544 2631 tuam:
569 2574 664 2629 sonet

64 2677 133 2720 vox
159 2666 215 2720 tua
239 2658 272 2719 in
297 2657 431 2720 auribus
448 2656 537 2719 meis.
584 2655 664 2718 Vox

63 2746 154 2808 enim
171 2754 228 2808 tua
250 2744 355 2808 dulcis
371 2754 405 2807 et
420 2744 520 2807 facies
535 2752 593 2805 tua
608 2742 665 2804 de-

64 2855 150 2898 cora.
194 2832 304 2899 Cetera
320 2842 478 2912 utsupra.
523 2832 586 2894 Ad
598 2851 664 2893 ocs-

59 2933 163 3002 peras.
207 2923 372 2985 Memoria
387 2921 427 2982 de
439 2930 549 2983 sancto
571 2940 664 2981 mau-

64 3010 140 3072 rilio
163 3010 298 3090 episcopo
319 3019 350 3072 ct
370 3009 551 3089 consessore.
596 3009 663 3071 Ari.

64 3119 144 3161 vers.
160 3108 191 3160 et
204 3105 259 3160 oio
281 3107 319 3159 ut
343 3097 377 3160 in
404 3096 573 3159 communi.
622 3094 665 3158 52·

64 3207 137 3249 vero
144 3187 270 3267 festum
287 3185 474 3249 nativitates
489 3185 575 3248 beate
593 3204 663 3245 ma-

64 3275 114 3336 rie
135 3275 171 3337 in
197 3275 360 3337 dominica
374 3273 566 3355 contigerit:
590 3281 665 3335 tunc

63 3364 128 3425 erit
140 3372 227 3425 sexto
240 3363 294 3426 die
306 3362 438 3444 legenda
452 3381 592 3443 sequens.

66 3450 237 3515 Sectodie.
425 3449 533 3512 Lectio
540 3448 663 3531 prima.

73 3541 148 3670 V
148 3559 194 3602 ox
211 3539 367 3602 adversus
383 3538 521 3602 hereses.
544 3538 664 3619 Capite

969 428 1044 486 548

797 557 844 600 ox
870 536 1007 601 ecclesie
1031 535 1135 601 electe
1151 535 1193 600 de
1207 533 1315 619 genti³

783 626 854 690 bus.
924 626 963 688 In
994 624 1116 689 lectulo
1147 644 1223 688 meo
1256 645 1316 707 per

715 723 829 777 noctes
845 713 971 797 quesivi
994 733 1093 796 quern
1118 713 1226 795 diligit
1245 714 1315 776 ani·

714 822 770 865 ma
797 821 892 865 mea:
916 802 1042 884 quesivi
1059 802 1174 864 illum:
1198 809 1231 865 et
1247 820 1314 864 non

714 890 830 955 inveni.
870 891 1012 973 Surgam
1029 899 1062 953 et
1077 889 1222 954 circuibo
1237 889 1316 953 civi-

713 986 818 1043 tatem
846 999 905 1062 per
929 981 1021 1042 vicos
1035 988 1069 1042 et
1085 978 1214 1060 plateas
1234 997 1314 1061 que-

714 1088 785 1130 ram
816 1086 916 1149 quem
942 1066 1051 1148 diligit
1075 1067 1186 1148 anima
1213 1086 1313 1129 mea:

714 1156 841 1238 quesivi
856 1155 949 1218 illum
966 1164 1083 1218 etnon
1094 1154 1216 1240 inveni.
1257 1154 1314 1217 In-

714 1252 876 1306 venerunt
892 1265 946 1307 me
968 1243 1108 1325 vigiles:
1132 1242 1188 1324 qui
1204 1251 1315 1306 custo·

715 1333 811 1395 diunt
827 1333 1005 1395 civitatem.
1143 1330 1250 1393 Lectio
1266 1330 1314 1412 iij.

790 1419 907 1483 eclesia
917 1420 959 1483 de
969 1418 1102 1483 Christo
1111 1418 1199 1481 dicit
1222 1418 1313 1480 Num

790 1530 890 1591 quem
920 1508 1066 1571 dilexit³
1095 1507 1207 1569 anima
1238 1525 1315 1569 mea

714 1597 866 1660 vidistis?
898 1596 1070 1660 Paululum
1086 1614 1163 1658 cum
1179 1594 1314 1658 transis-

714 1705 785 1747 sem
816 1705 895 1748 eos:
925 1685 1034 1748 inveni
1065 1702 1165 1766 quem
1204 1682 1313 1763 diligit

714 1774 825 1837 anima
856 1793 940 1861 mea.
999 1771 1107 1836 Tenui
1126 1771 1220 1834 eam⁴
1251 1789 1314 1835 nec

713 1861 915 1926 dimittam:
961 1862 1067 1925 donec
1104 1859 1312 1923 introducam

714 1949 854 2013 illumin
869 1952 1007 2015 domum
1024 1949 1140 2013 matris
1162 1967 1256 2011 mee:
1280 1956 1315 2011 et

714 2039 746 2101 in
764 2039 951 2103 cubiculum
967 2038 1135 2120 genitricis
1151 2056 1232 2100 mee.

715 2132 747 2205 ΘΙ
772 2127 913 2208 Septimo
928 2127 982 2190 dc'e
994 2127 1087 2208 infra
1108 2124 1314 2188 nativitatem

713 2214 800 2278 beate
813 2216 924 2280 marie
1171 2213 1278 2275 Lectio
1283 2210 1315 2293 J’.

723 2306 798 2435 V
798 2325 843 2367 ox
880 2305 1040 2386 sinagoge
1086 2303 1129 2368 de
1167 2300 1313 2365 ecclesia.

799 2392 876 2474 Quo
901 2392 1040 2455 estista
1069 2411 1135 2473 que
1165 2388 1314 2453 ascendit

716 2501 774 2561 per
788 2482 956 2544 desertum
980 2481 1065 2543 sicut
1087 2477 1215 2560 virgula
1231 2476 1313 2539 fumi

716 2589 760 2631 ex
786 2569 990 2632 aromatibus
1016 2588 1124 2648 myrre
1151 2575 1185 2629 et
1209 2563 1314 2628 thuris

716 2666 749 2720 et
775 2657 915 2719 universi
936 2656 1079 2737 pulvetis
1095 2653 1314 2736 pigmentarii.

715 2747 795 2810 Vox
811 2744 955 2807 ecclesie.
989 2744 1042 2805 En
1058 2742 1215 2806 lectulum
1228 2740 1315 2804 salo-

716 2835 824 2896 monis
839 2832 1016 2913 sexaginta
1039 2831 1140 2893 fortes
1163 2828 1315 2893 ambiunt

715 2943 759 2985 ex
776 2921 962 2985 fortissimis
978 2918 1081 2983 israel.
1158 2916 1264 2980 Lectio
1279 2917 1315 2998 ij.

707 3012 875 3145 ,Omnes
902 3007 1031 3089 gladios
1053 3015 1205 3070 tenentes
1221 3013 1255 3068 et
1270 3004 1316 3068 ad

782 3098 869 3161 bella
884 3095 1086 3159 doctissimi:
1110 3092 1315 3174 uniuscujus-

714 3208 779 3269 que
817 3185 904 3248 ensis
923 3209 925 3212 ’
945 3204 1044 3265 super
1078 3183 1185 3246 femur
1217 3200 1313 3244 suum

714 3283 850 3358 propter
870 3273 1004 3336 timores
1027 3281 1214 3335 nocturnos.
1262 3269 1316 3333 De

714 3364 853 3426 ecclesia
883 3363 992 3425 dicit:
1032 3359 1206 3424 Ferculum
1237 3357 1315 3422 fecit

714 3451 777 3515 sibi
794 3473 854 3515 rex
864 3449 1015 3513 salomon
1028 3450 1071 3513 de
1081 3449 1179 3530 lignis
1191 3447 1315 3530 lybani.

716 3540 898 3605 Columnas
928 3538 1000 3619 ejus
1029 3537 1107 3601 fecit
1143 3545 1317 3618 argenteas

147 3628 241 3691 vobis
271 3627 386 3709 vulpes
416 3626 569 3709 parvulas
600 3645 665 3708 que
716 3628 960 3693 reclinatorium
973 3645 1109 3690 aureum
1124 3643 1315 3690 :ascensum

65 3714 290 3779 demoliuntur
311 3717 442 3779 vineas:
466 3735 545 3778 nam
568 3715 666 3778 vinea
715 3736 917 3799 purpureum
934 3714 1044 3778 media
1060 3714 1222 3778 charitate
1237 3731 1316 3776 con·

67 3813 177 3867 nostra
217 3803 333 3867 floruit.
402 3804 481 3866 Vox
520 3802 665 3867 ecclesie.
716 3806 833 3869 stravit
859 3813 994 3887 propter
1009 3803 1093 3866 filias
1108 3800 1314 3866 hierusalem.

66 3891 215 3956 Dilectus
232 3914 325 3955 meus
341 3891 422 3954 mihi
448 3900 482 3955 et
509 3912 572 3973 ego
596 3891 666 3954 illi:
725 3896 800 4026 V
800 3914 847 3956 ox
859 3890 995 3955 ecclesie
1005 3892 1047 3954 de
1055 3890 1195 3956 Christo.
1211 3887 1317 3973 [Liij.

64 3982 120 4062 qui
137 3982 282 4064 pascitur
299 3983 383 4043 inter
398 3981 466 4043 lilia
492 3981 598 4043 donec
613 4000 666 4042 as·
802 3980 1030 4063 Egredimini:
1053 3988 1087 4041 et
1113 3979 1224 4041 videte
1250 3975 1317 4038 filie

64 4069 166 4149 piret²
181 4070 251 4132 dies
264 4092 271 4134 :
284 4079 318 4133 et
328 4070 526 4132 inclinentur
541 4067 666 4132 umbre.
717 4090 800 4152 syon
825 4088 938 4150 regem
962 4067 1168 4131 salomonem
1192 4066 1225 4127 in
1247 4064 1318 4128 dia-

66 4158 245 4221 Revertere
261 4157 378 4222 similis
394 4167 466 4221 esto
482 4156 604 4220 dilecte
620 4155 665 4221 mi
717 4160 850 4222 demate
866 4177 933 4240 quo
945 4155 1114 4219 coronavit
1124 4174 1199 4217 eum
1213 4161 1319 4215 mater

64 4266 182 4327 capree
220 4256 278 4310 aut
320 4245 456 4309 hinnulo
494 4264 664 4309 cervorum
718 4269 777 4311 sua
793 4248 826 4309 in
843 4246 897 4308 die
913 4242 1179 4324 desponsationis
1207 4240 1318 4305 illius:

64 4355 164 4415 super
180 4344 311 4398 montes
327 4334 446 4398 bethel.
506 4334 614 4397 Lectio
630 4333 664 4415 ij.
718 4345 751 4400 et
767 4337 799 4398 in
816 4334 870 4399 die
886 4332 994 4396 leticie
1010 4331 1118 4395 cordis
1133 4331 1213 4413 ejus.

250 4472 255 4500 ¹
275 4471 378 4532 hyems:
398 4471 497 4521 R.N.S.
932 4468 941 4496 ⁸
958 4466 1059 4531 diligit:
1078 4467 1104 4517 S.

248 4538 257 4567 ²
275 4537 415 4600 aspiceret.-
434 4537 459 4586 S.
934 4537 942 4565 ⁴
959 4550 1016 4585 cum
1031 4553 1038 4584 r
1055 4534 1080 4585 S.
1192 4549 1197 4557 ·
