2948 5004
600 328 818 386 confutem?

359 442 381 494 7
1012 438 1035 496 8

71 547 152 612 inite
187 545 409 611 contentionis
447 545 576 628 arguit:
613 543 673 607 sed
723 553 802 609 sunt
838 564 899 628 per
933 544 1160 610 diversitatem
1189 545 1329 630 operis:

72 637 214 700 formam
230 654 331 716 quam
343 644 527 714 sequuntur
540 632 673 696 humili·
724 654 826 697 unum
879 634 913 696 in
966 634 1077 698 radice
1128 635 1325 700 dilectionis

73 725 153 788 tatis
180 723 331 785 modesta
358 723 484 785 ratione
507 721 673 785 describit.
723 721 876 804 Qualiter
899 730 1013 785 autem
1037 722 1175 787 dilectio
1197 723 1262 787 ista
1283 725 1328 787 sit

75 813 115 876 In
139 832 206 892 qua
228 820 341 873 tamen
363 809 469 873 forma
491 808 674 873 obtinenda
723 810 888 874 tenenda:
918 810 989 892 ipse
1015 811 1181 875 insinuat:
1210 812 1268 892 qui
1293 813 1326 874 in

75 901 218 981 majores
248 907 282 961 et
312 909 522 981 preceptores
559 899 593 960 id
624 906 675 959 est
723 898 889 981 plerisque
911 898 1090 979 scripture⁶
1104 900 1279 962 sententiis
1294 908 1329 962 et

76 989 229 1050 doctores
259 987 396 1049 ecclesie
435 1006 500 1048 non
536 986 674 1048 minima
725 987 850 1051 amicos
885 984 982 1067 jubet
1011 987 1104 1069 diligi
1135 988 1168 1050 in
1199 1008 1258 1052 se:
1292 997 1328 1051 et

76 1075 274 1139 discretione
314 1095 399 1156 opus
443 1074 595 1136 habent:
634 1092 676 1134 ne
726 1074 876 1137 inimicos
892 1084 1028 1156 propter
1042 1095 1086 1137 se.
1132 1075 1242 1138 Lectio
1256 1074 1327 1158 viij.

76 1163 230 1226 videlicet
246 1163 398 1244 regnum¹
411 1164 561 1243 gentium
574 1161 678 1223 instar
777 1162 820 1225 lle
829 1163 991 1225 veraciter
998 1162 1194 1226 charitatem
1205 1163 1327 1227 habet:

78 1251 241 1315 dominari
258 1250 434 1331 subjectis:
458 1269 560 1331 seque
571 1249 615 1311 ab
630 1248 678 1311 eis
783 1249 839 1332 qui
854 1258 889 1313 et
903 1250 1047 1313 amicum
1069 1251 1178 1333 diligit
1193 1251 1226 1313 in
1243 1251 1329 1315 deo:

78 1339 246 1422 gaudeant
284 1339 495 1420 supervacuis
525 1337 678 1400 laudibus
727 1348 762 1403 et
772 1337 941 1401 inimicum
953 1347 1088 1420 propter
1097 1340 1207 1403 deum
1240 1339 1329 1402 Nam

80 1427 211 1491 attolli:
233 1426 292 1490 sed
308 1428 352 1489 ad
376 1425 569 1508 exemplum
593 1425 679 1506 regis
728 1435 806 1490 sunt
821 1425 971 1490 nonnulli
983 1427 1040 1508 qui
1057 1426 1201 1506 diligunt
1216 1427 1330 1509 proxi-

80 1515 184 1580 eterni
205 1516 299 1597 quasi
323 1515 466 1577 minores
489 1514 536 1577 eis
560 1512 681 1595 quibus
730 1533 825 1578 mos:
853 1513 913 1577 sed
936 1533 996 1597 per
1018 1514 1176 1578 affectum
1207 1534 1332 1597 cogna-

70 1603 234 1685 tegendis
265 1611 401 1685 presunt
434 1601 617 1665 efficiantur
647 1607 681 1662 et
730 1602 830 1667 tionis
845 1610 880 1665 et
896 1601 1021 1665 carnis:
1037 1603 1158 1685 quibus
1170 1611 1284 1666 tamen
1296 1602 1330 1665 in

82 1691 231 1754 ministri.
492 1689 598 1751 Lectio
612 1687 682 1770 viij.
730 1689 792 1753 hac
809 1688 986 1753 dilectione
1003 1710 1096 1754 sacra
1118 1691 1250 1772 eloquia
1264 1709 1331 1753 non

82 1779 229 1910 Nam
244 1776 397 1839 nimirum
415 1796 548 1839 necesse
560 1784 630 1839 est:
647 1783 684 1838 ut
732 1778 972 1842 contradicunt
1046 1777 1115 1843 Sed
1146 1778 1237 1841 aliud
1281 1786 1333 1841 est

174 1865 220 1928 sic
242 1865 327 1927 bene
350 1865 525 1946 agentibus
543 1885 603 1947 per
623 1862 683 1927 hu·
732 1866 823 1949 quod
840 1876 959 1948 sponte
975 1866 1178 1948 impenditur
1193 1876 1332 1929 nature:

85 1952 280 2017 militatem¹
304 1953 370 2015 sint
386 1953 485 2015 socii:
511 1951 685 2034 quatinus⁸
733 1955 824 2018 aliud
849 1954 939 2036 quod
967 1955 1131 2036 preceptis
1157 1954 1333 2017 dominicis

83 2049 199 2105 contra
215 2041 478 2123 delinquentium
493 2041 609 2104 vitium
627 2060 686 2122 per
733 2063 779 2106 ex
794 2041 955 2105 charitate
970 2042 1110 2105 debetur
1124 2042 1322 2105 obedientie.

86 2129 193 2192 zelum
214 2128 345 2210 justicie
368 2130 436 2191 sint
454 2130 574 2192 erecti:
598 2138 636 2191 ut
651 2136 685 2191 et
734 2131 828 2262 H
832 2130 842 2193 i
858 2130 1012 2193 nimirum
1023 2139 1057 2192 et
1066 2130 1178 2212 proxi-
1192 2129 1276 2213 [Lec.
1289 2129 1335 2193 ix.

86 2218 183 2280 bonis
205 2217 239 2279 in
264 2218 355 2279 nullo
379 2237 414 2279 se
440 2216 628 2299 prelerant:
652 2224 686 2279 et
832 2237 924 2280 mum
955 2218 1120 2299 diligunt:
1156 2227 1192 2281 et
1221 2227 1334 2281 tamen

86 2325 163 2368 cum
203 2324 378 2386 pravorum
417 2306 515 2386 culpa
553 2304 686 2386 exigit:
734 2305 792 2369 illa
818 2305 972 2369 sublimia
996 2305 1183 2370 dilectionis
1209 2307 1337 2387 premia

88 2402 289 2476 potestatem
301 2393 449 2475 protinus
461 2394 510 2458 sui
523 2393 687 2474 prioratus
735 2414 802 2457 non
819 2403 1046 2476 assequuntur.
1084 2393 1173 2476 Quia
1188 2412 1336 2457 amorem

87 2489 280 2562 agnoscant
521 2480 630 2543 Lectio
645 2479 687 2543 ix.
728 2501 833 2555 esuum
849 2501 917 2545 non
940 2481 1154 2564 spiritualiter
1168 2482 1227 2545 sed
1244 2501 1338 2545 carn·

88 2569 198 2700 Nc
223 2569 311 2631 enim
336 2568 532 2650 presidentis
559 2570 688 2631 animus
738 2570 835 2633 aliter
850 2569 1056 2652 impendunt
1104 2569 1245 2633 Proinde
1261 2588 1337 2634 cum

180 2656 223 2719 ad
239 2656 416 2719 elationem
441 2657 615 2738 potestatis
631 2676 689 2719 suc
738 2656 893 2720 dominus
923 2658 1065 2721 diceret:
1095 2657 1159 2721 hoc
1184 2668 1235 2721 est
1266 2677 1338 2740 pre-

89 2744 309 2808 delectatione
331 2745 496 2826 rapiatur:
521 2754 608 2808 recte
631 2764 690 2827 per
737 2755 872 2828 ceptum
898 2764 1032 2808 meum:
1058 2755 1096 2809 ut
1119 2745 1267 2828 diligatis
1290 2746 1339 2809 in·

89 2833 257 2915 quendam
309 2834 494 2915 sapientem
546 2834 690 2896 dicitur:
738 2835 865 2897 vicem:
897 2836 1047 2916 protinus
1072 2834 1222 2898 addidit:
1254 2834 1339 2897 sicut

93 2922 242 2985 Ducem⁴
269 2930 303 2983 te
326 2923 590 2985 constituerunt:
622 2921 689 2983 noli
740 2922 844 2985 dilexi
866 2942 933 2985 vos.
979 2921 1033 2985 Ac
1048 2922 1075 2985 si
1091 2931 1205 3005 aperte
1228 2921 1339 2985 dicat:

91 3009 229 3072 extolli:
259 3009 317 3072 sed
344 3019 416 3072 esto
441 3012 474 3071 in
506 3009 569 3072 illis
596 3009 690 3090 quasi
740 3009 796 3072 Ad
814 3009 877 3072 hoc
895 3019 1027 3073 amate:
1051 3009 1093 3073 ad
1116 3010 1207 3092 quod
1230 3009 1340 3073 amavi

92 3117 177 3160 unus
212 3118 257 3158 ex
296 3097 368 3160 illis.
432 3097 539 3178 Igitur
576 3097 692 3159 iratres
741 3118 809 3161 vos.
861 3106 912 3179 ps'.
957 3098 1008 3160 Te
1039 3097 1160 3166 Deum.
1219 3096 1341 3183 yAn-

91 3185 224 3267 gravius
254 3203 492 3266 nonnunquam
530 3183 693 3266 delinqui·
742 3185 980 3249 nunciaverunt
1018 3206 1119 3267 opera
1163 3185 1225 3250 dei.
1295 3186 1341 3248 Et

94 3285 171 3335 tur:
208 3273 235 3333 si
273 3273 358 3334 inter
402 3293 572 3353 perversos
617 3273 692 3354 plus
742 3273 831 3337 lacta
846 3273 919 3355 ejus
935 3272 1179 3338 intellexerunt.

94 3359 257 3441 equalitas
273 3381 374 3442 quam
395 3360 569 3442 disciplina
584 3371 694 3424 custo·
744 3367 776 3439 01
798 3362 840 3424 In
856 3361 1009 3424 laudibus
1021 3370 1075 3425 ari.

93 3448 210 3511 diatur.
742 3452 871 3582 Hoc
887 3459 937 3512 est
953 3459 1145 3532 preceptum
1158 3469 1269 3513 meum
1283 3468 1290 3512 :
1307 3456 1343 3512 ut

96 3536 235 3613 tsAlia
258 3535 407 3617 expositio
428 3536 600 3599 secundum
634 3537 695 3611 Jo·
831 3538 977 3619 diligatis
989 3538 1130 3601 invicem
1142 3538 1226 3601 sicut
1238 3537 1343 3602 dilexi

93 3624 254 3687 loannem.⁵
742 3645 811 3690 vos.
840 3634 888 3708 ps'.
913 3626 1078 3689 Dominus
1093 3627 1251 3707 regnavit„
1276 3627 1343 3689 Aoi.

95 3714 173 3843 ln
199 3711 255 3774 illo
280 3719 450 3794 tempore:
475 3712 573 3776 Dixit
598 3714 694 3795 Jesus
745 3713 1343 3796 Majoremcharitatemnemohabet:

151 3799 320 3881 discipulis
343 3802 409 3863 suis
425 3822 431 3862 :
458 3801 533 3865 Hoc
557 3811 607 3864 est
623 3823 695 3883 pre·
745 3811 781 3866 ut
797 3803 942 3865 animam
958 3821 1053 3865 suam
1069 3812 1173 3884 ponat
1188 3804 1261 3884 quis
1284 3822 1345 3883 pro

96 3898 230 3969 ceptum
258 3909 389 3952 meum:
414 3898 450 3951 ut
477 3891 622 3970 diligatis
648 3892 696 3952 in·
745 3890 951 3953 amicissuis.
988 3899 1038 3971 pi.
1076 3890 1231 3971 Jubilate.
1277 3891 1344 3952 Aoi.

98 3977 229 4039 vicem:
268 3976 351 4039 sicut
389 3977 492 4039 dilexi
531 3999 597 4041 vos
652 3979 696 4040 Et
744 3979 815 4042 Vos
830 3979 928 4042 amici
950 3979 1013 4040 mei
1038 3980 1137 4041 estis:
1161 3979 1187 4040 si
1205 3978 1347 4041 leceritis

98 4064 232 4146 reliqua.
288 4064 414 4127 Omelia
445 4066 530 4127 beati
552 4066 701 4147 gregorii
746 4087 811 4148 que
842 4066 988 4148 precipio
1017 4066 1137 4129 vobis:
1175 4066 1256 4130 dicit
1287 4067 1347 4129 do·

89 4162 180 4232 pope.
519 4155 626 4216 Lectio
642 4155 699 4235 vij.
748 4155 864 4217 minus.
912 4163 962 4235 ps'.
1009 4155 1102 4216 Deus
1131 4154 1214 4217 deus
1245 4175 1345 4217 meus,

97 4242 307 4371 Precepta
345 4261 424 4321 ergo
462 4241 627 4304 dominica
666 4251 699 4305 et
747 4245 814 4306 Ari.
862 4243 955 4305 Beati
972 4244 1098 4305 mundo
1121 4244 1241 4306 corde:
1265 4263 1349 4324 quo-

176 4328 280 4390 multa
295 4338 417 4391 suntet
434 4349 544 4392 unum.
592 4329 701 4393 Multa
748 4331 838 4393 niam
866 4330 928 4412 ipsi
958 4331 1058 4393 deum
1089 4331 1258 4394 videbunt.
1297 4340 1349 4412 ps'.

151 4462 159 4493 ¹
176 4479 278 4525 regum:
297 4465 329 4514 G.
528 4467 539 4496 ²
555 4465 754 4516 humanitatem:
772 4466 802 4517 E.
977 4469 987 4498 ⁸
1003 4475 1144 4532 quatenus:
1162 4466 1306 4521 W.E.G.S.

148 4529 158 4562 Ι
175 4528 299 4578 Dulccm:
318 4530 358 4580 W.
529 4534 596 4580 'aaa
611 4532 676 4580 add:
693 4532 726 4582 E.
734 4532 793 4583 G.S.
978 4534 989 4565 ⁸
1008 4534 1080 4583 ‘sue’
1092 4533 1161 4585 add:
1179 4533 1246 4585 Εὖ.
