2948 5004
597 316 810 376 COMMUNE

348 431 399 487 23
1015 425 1066 484 Εὖ.

81 541 239 620 sequatur
255 557 316 601 me.
358 539 402 600 Et
415 537 547 619 reliqua
589 536 681 601 Ome-
734 534 862 601 Omeiia
889 533 975 599 beati
1002 528 1184 616 hierony'mi
1204 530 1333 618 prosby-

81 626 130 690 lia
145 626 231 689 beati
239 626 486 707 gregoriipape.
538 627 609 689 Lec.
625 626 681 708 vij.
732 625 802 688 teri.
1156 625 1263 688 Lectio
1276 625 1332 706 vij.

88 715 205 880 Quia
237 714 393 777 dominus
424 734 461 776 ac
493 713 684 795 redemptor
737 711 948 879 Quomodo
966 731 1046 795 ergo
1062 712 1180 775 iratres
1203 713 1237 775 in
1261 733 1333 794 pre-

151 811 263 864 noster
285 823 390 864 novus
414 801 514 864 homo
537 803 681 864 venitin
800 801 886 863 senti
917 800 1028 863 seculo
1064 801 1245 864 multorum
1276 801 1332 864 diu

83 890 264 954 mundum:
288 910 374 952 nova
397 900 553 972 precepta
578 890 683 953 edidit
732 888 813 951 latet
837 887 1041 970 hypocrisis:
1063 908 1143 970 ergo
1163 888 1333 952 defuturo

83 979 216 1041 mundo.
265 979 353 1040 Nam
377 979 462 1040 sicut
486 987 556 1040 arte
577 977 683 1040 medi·
730 986 882 1058 tempore
898 976 1148 1058 intelligendum
1161 986 1213 1039 est
1228 997 1334 1058 quan·

82 1066 154 1129 cine
168 1065 277 1129 calida
292 1066 419 1147 frigidis
435 1065 553 1147 frigida
569 1066 683 1128 calidis
730 1065 776 1127 do
811 1064 975 1145 judicabit
1012 1066 1167 1128 dominus
1202 1064 1334 1128 occulta

82 1151 262 1217 curantur:
301 1155 348 1217 ita
386 1154 540 1216 dominus
571 1164 684 1216 noster
731 1152 913 1215 hominum.
953 1153 1043 1216 Nam
1055 1153 1139 1216 sicut
1151 1173 1237 1215 unus
1250 1154 1333 1217 ami·

81 1244 246 1305 contraria
261 1243 418 1323 opposuit
440 1243 686 1305 medicamenta
731 1261 845 1304 corum
862 1241 950 1303 beati
971 1240 1032 1322 job
1053 1241 1222 1304 verissime
1237 1242 1334 1306 dixit

82 1331 246 1413 peccatis:
286 1340 323 1392 ut
352 1330 485 1393 lubricis
512 1332 683 1394 continen-
732 1329 823 1392 Laus
854 1329 1031 1410 impiorum
1062 1328 1169 1392 brevis
1200 1338 1273 1392 est:
1300 1339 1335 1392 et

83 1419 184 1481 tiam:
206 1418 378 1482 tenacibus
394 1419 601 1500 largitatem:
621 1419 683 1482 ira·
731 1416 891 1498 gaudium
929 1416 1103 1500 hypocrite
1143 1417 1187 1479 ad
1230 1417 1335 1481 instar

81 1508 199 1571 cundis
245 1509 553 1571 mansuetudinem:
588 1507 683 1570 elatis
732 1504 903 1587 peruncti⁴
1139 1503 1247 1568 Lectio
1263 1505 1334 1587 viij.

83 1597 267 1676 preciperet
283 1595 514 1658 humilitatem.
731 1594 804 1726 Si
820 1592 1005 1656 ascenderit
1021 1592 1064 1655 ad
1087 1593 1196 1656 celum
1218 1613 1333 1675 super-

86 1682 206 1848 Quid
231 1703 309 1745 vero
333 1682 448 1745 iratres
471 1681 593 1765 [Lectio
612 1681 682 1764 viij.
794 1681 849 1743 bia
864 1680 957 1761 ejus:
981 1690 1015 1743 et
1027 1690 1128 1762 caput
1140 1681 1211 1761 ejus
1226 1682 1333 1745 nubes

150 1771 183 1832 in
230 1770 292 1833 hac
340 1769 480 1832 lectione
527 1771 683 1832 dominus
732 1768 898 1850 tetigerit:
921 1770 1017 1850 quasi
1039 1770 1281 1850 sterquilinium
1298 1771 1332 1832 in

81 1859 193 1921 dicat:
217 1859 398 1920 audiamus.
446 1856 511 1938 Qui
524 1857 594 1923 vult
607 1867 682 1939 post
732 1855 797 1919 fine
828 1856 991 1939 perdetur.
1054 1857 1093 1919 In
1125 1855 1190 1920 line
1224 1858 1333 1939 inquit

82 1965 137 2008 mc
149 1945 259 2008 venire
272 1967 279 2008 ι
301 1944 444 2027 abneget
457 1947 682 2028 semetipsum.
732 1945 908 2028 perdetur:
930 1948 986 2026 qui
1000 1945 1032 2007 in
1045 1946 1206 2027 principio
1216 1945 1333 2008 florere

84 2035 238 2096 Fortasse
277 2033 477 2096 laboriosum
523 2054 590 2097 non
632 2044 682 2096 est
731 2033 914 2096 videbatur.
962 2034 1008 2096 Et
1024 2043 1073 2096 est
1096 2053 1221 2097 sensus.
1267 2033 1333 2095 At·

82 2121 493 2203 hominirelinqueresua:
517 2122 683 2185 sedvalde
732 2122 859 2184 tendite
889 2140 932 2182 ne
969 2121 1159 2184 emulemini
1198 2121 1334 2185 simula·

81 2209 282 2272 laboriosum
300 2221 350 2272 est
367 2209 550 2292 relinquere
562 2220 683 2273 semet·
731 2219 839 2272 tores:
864 2208 942 2289 quia
957 2211 1069 2271 veniet
1084 2209 1233 2292 prolecto
1248 2218 1334 2272 tem-

82 2297 200 2379 ipsum.
248 2299 360 2360 Minus
376 2299 499 2380 quippe
516 2309 565 2361 est
581 2299 683 2360 abne·
731 2317 793 2378 pus
817 2299 849 2359 in
874 2316 941 2377 quo
965 2307 1074 2360 vestra
1098 2299 1201 2360 virtus
1225 2298 1334 2360 omni-

82 2405 160 2466 gare
184 2386 273 2467 quod
298 2386 420 2448 habet:
445 2386 543 2449 valde
571 2385 681 2449 enim¹
732 2386 814 2449 bus:
841 2394 1011 2448 eteorum
1039 2385 1201 2449 reveletur
1227 2385 1335 2468 hypo-

82 2474 224 2536 multum
241 2483 291 2535 est
307 2474 472 2554 abnegare
488 2475 576 2554 quod
595 2484 653 2538 est.
730 2473 830 2538 crisis.
1168 2474 1275 2536 Lectio
1290 2474 1334 2538 ix.

175 2562 230 2623 udi
244 2582 322 2642 ergo
339 2583 413 2624 cum
431 2563 521 2625 nudo
539 2562 619 2644 [Leo.
637 2563 681 2625 ix.
731 2563 931 2694 Sequitur.
994 2561 1161 2644 Quoniam
1184 2562 1268 2644 qui⁵
1298 2562 1333 2624 in

174 2649 289 2712 luctari
317 2650 486 2713 debemus,
544 2651 632 2713 Nam
656 2651 683 2713 si
793 2651 936 2713 tenebris
962 2651 1114 2713 dixistis:
1149 2651 1182 2712 in
1208 2649 1334 2712 lumine

82 2738 221 2800 vestitus
240 2739 379 2819 quisque
404 2760 477 2801 cum
504 2740 593 2800 nudo
615 2739 682 2802 luc·
732 2739 902 2802 dicentur:
927 2738 959 2800 id
977 2748 1027 2800 est
1045 2759 1110 2819 que
1133 2739 1219 2800 inter
1241 2747 1335 2801 tene-

81 2835 192 2888 tatur:
216 2827 312 2888 citius
325 2828 366 2888 ad
379 2838 498 2889 terram
512 2827 683 2908 dejicitur:
732 2825 808 2888 bras
824 2827 992 2908 quondam
1016 2846 1241 2908 pressurarum
1262 2846 1334 2889 car-

82 2914 273 2996 quiahabet
287 2918 373 2978 unde
386 2926 545 2978 teneatur.
592 2915 682 2996 Quid
732 2935 910 2996 corumque
934 2915 1068 2976 umbras
1083 2915 1135 2977 vel
1155 2914 1257 2976 locuti
1281 2913 1334 2977 vel

82 3003 185 3064 enim²
212 3013 288 3065 sunt
320 3013 447 3065 terrena
478 3004 591 3066 omnia
622 3005 682 3065 nisi
733 3004 819 3085 passi
834 3012 910 3065 sunt
922 3000 1334 3084 apostoliznunc⁶clarili-

82 3091 227 3170 quedam
280 3094 425 3171 corporis
480 3093 681 3153 indumenta.
732 3100 808 3153 cata
824 3112 883 3172 per
898 3088 1034 3153 orbem⁷
1056 3091 1215 3154 ecclesia:
1240 3090 1334 3153 lectis

83 3179 149 3258 Qui
182 3199 260 3257 ergo
292 3188 406 3240 contra
440 3179 608 3240 diabolum
640 3180 682 3241 ad
732 3199 846 3241 eorum
863 3180 991 3242 actibus
1015 3178 1146 3260 publice
1162 3179 1334 3261 predican-

82 3277 249 3327 certamen
279 3276 451 3346 properat:
485 3268 683 3328 vestimenta
732 3267 807 3329 tur.⁸
842 3276 893 3347 ps‘.
931 3266 981 3329 Te
997 3268 1107 3330 deum.
1146 3266 1334 3353 yPosuisti

83 3354 218 3433 abjiciat
235 3375 276 3413 ne
293 3354 493 3415 succumbat.
542 3354 632 3415 Nihil
650 3357 682 3416 in
733 3354 876 3418 dominc.

81 3440 143 3502 hoc
173 3442 297 3501 mundo
323 3443 467 3503 amando
495 3443 682 3521 possideat:
732 3443 774 3504 In
790 3443 948 3506 laudibus.
1147 3442 1333 3524 arttz'pltona.

82 3549 123 3591 ne
150 3530 236 3590 unde
263 3530 304 3590 ad
333 3540 447 3591 votum
473 3532 615 3611 tegitur:
639 3533 682 3594 ad
802 3533 832 3592 ui
851 3552 904 3593 me
919 3530 1087 3593 consessus
1103 3530 1200 3594 luerit
1220 3551 1333 3594 coram

82 3637 195 3678 casum
214 3617 290 3677 inde
307 3627 465 3679 teneatur.
801 3619 989 3682 hominibus
1006 3619 1189 3682 confitebor
1212 3629 1247 3682 et
1270 3639 1334 3701 ego

80 3705 191 3766 Aliud
203 3706 373 3766 scoriadam
391 3705 576 3769 rrtotlreum.³
733 3727 810 3769 eum
827 3728 938 3770 coram
951 3717 1044 3789 patre
1058 3727 1141 3770 meo,
1172 3716 1223 3788 ps'.
1263 3708 1335 3770 Do·

82 3796 152 3922 ln
172 3793 226 3853 illo
251 3803 418 3873 tempore:
445 3796 541 3856 Dixit
565 3794 684 3874 jhesus
733 3796 842 3857 minus
873 3797 1030 3876 regnavit.
1075 3797 1142 3858 Ari.
1189 3794 1256 3876 Qui
1284 3815 1335 3857 se·

132 3881 301 3960 discipulis
314 3884 399 3944 suis:
427 3883 516 3943 Nihil
530 3894 682 3962 opertum
733 3885 845 3963 quitur
861 3904 913 3944 me
937 3904 1003 3945 non
1028 3884 1176 3945 ambulat
1194 3884 1226 3944 in
1244 3894 1335 3945 tene·

81 3971 170 4047 quod
204 3989 269 4029 non
303 3971 463 4032 reveletur
494 3993 601 4051 neque
627 3972 683 4032 ab·
734 3972 800 4033 bris
817 3972 874 4033 sed
891 3971 1026 4034 habebit
1043 3971 1154 4033 lumen
1172 3973 1239 4033 vite
1256 3972 1336 4033 dicit

80 4057 270 4117 sconditum
310 4060 399 4139 quod
440 4080 506 4121 non
553 4060 683 4122 sciatur.
734 4060 897 4122 dominus.
951 4069 1000 4140 ps'.
1057 4060 1211 4140 Jubilate.
1268 4061 1336 4122 Art.

82 4142 126 4205 Et
144 4146 277 4225 reliqua.
735 4146 801 4230 Qui
819 4149 898 4210 mihi
916 4149 1081 4210 ministrat
1094 4169 1147 4210 me
1158 4157 1336 4229 sequatur:

184 4305 188 4332 ¹
207 4320 252 4366 pro
268 4305 350 4351 ‘enim
361 4305 366 4324 ¹
379 4315 460 4353 aulem
475 4326 480 4354 ε
499 4308 530 4355 G.
882 4309 892 4338 ⁵
912 4308 983 4372 ‘qui'
996 4324 1060 4356 om:
1079 4307 1105 4357 S.

181 4372 190 4398 ²
208 4386 252 4431 pro
269 4372 363 4416 ‘cuim'
377 4382 478 4420 autern:
497 4376 527 4421 G.
535 4373 567 4420 N.
881 4376 891 4403 ⁰
909 4389 977 4422 non:
996 4375 1073 4423 W.G.

180 4436 189 4463 ¹
211 4436 261 4482 ‘.r.'
273 4437 336 4482 att:
356 4438 385 4483 E.
395 4439 452 4485 (λδ.
882 4443 890 4469 ⁷
915 4440 954 4488 ‘in
966 4441 972 4462 ’
983 4440 1032 4487 add
1045 4459 1051 4489 ι
1064 4440 1094 4488 Ε.

182 4504 190 4530 ⁴
208 4502 306 4564 puncti:
328 4503 355 4550 1⁴2.
884 4509 893 4536 ⁸
909 4507 1082 4569 predicentur:
1102 4505 1131 4553 E.
