2948 5004
510 327 641 384 UNIUS
661 328 786 383 MART
789 329 888 386 YRIS.

343 434 387 489 21
1015 438 1066 492 22

60 595 63 598 .
131 548 186 605 rat
214 540 312 605 enim
336 550 469 623 martyr
494 539 557 605 iste
573 540 613 606 N.
630 561 682 605 se·
731 541 908 606 dulcedine
924 539 1031 609 refici:
1054 545 1216 611 debemus
1229 546 1333 612 liben-

135 631 202 694 culi
213 640 451 712 contemptor:
468 630 523 692 dei
537 640 679 693 amator:
731 640 782 693 ter
796 631 910 694 audire
926 633 1027 695 verba
1042 635 1209 699 veritatis:
1233 636 1333 700 debe·

69 719 130 782 lide
142 720 289 802 plenus:
305 719 396 781 vitiis
408 738 553 782 vacuus:
569 728 680 780 mente
731 739 806 781 mus
844 720 958 782 etiam²
996 722 1151 803 subsequi
1193 726 1333 806 vestigia

69 810 178 872 dives:
203 827 349 889 corpore
361 827 510 889 pauper:
535 806 680 869 moribus
731 808 884 888 martyris
915 828 975 889 pro
1004 809 1136 874 Christo
1166 816 1332 877 certantis.

70 897 224 959 humilis:
248 906 329 958 actu
353 894 561 957 venerabilis.
610 894 681 957 Ha·
730 895 786 958 Re.
849 895 944 959 Stola
975 895 1193 976 jocunditatis
1224 900 1331 964 induit

71 984 125 1046 bet
151 984 247 1066 quod
279 983 438 1065 gestivit:
471 991 563 1045 tenet
589 982 679 1065 quod
730 1002 806 1045 eum
852 983 1016 1048 dominus.
1084 986 1130 1048 Et
1173 1007 1331 1051 coronam

71 1073 200 1135 dilexit
246 1072 307 1135 Re.
353 1071 414 1134 Vir
459 1070 590 1134 inclitus
637 1071 679 1134 N.
730 1070 983 1152 pulchritudinis
1000 1073 1110 1153 posuit
1120 1095 1219 1157 super
1229 1087 1331 1158 caput

73 1170 201 1242 martyr
226 1161 283 1225 dei
309 1160 479 1242 preciosus
505 1178 680 1221 succensus
729 1157 810 1238 ejus.
859 1158 1037 1244 yCibavit
1054 1161 1148 1225 illum
1160 1184 1247 1245 pane
1263 1166 1330 1227 vite

73 1248 150 1329 igne
187 1248 295 1311 divini
333 1247 456 1310 amoris
490 1256 681 1310 constanter
729 1256 764 1309 et
791 1246 998 1311 intellectus:
1025 1257 1060 1311 et
1086 1269 1174 1331 aqua
1200 1253 1330 1333 sapien·

73 1336 230 1399 sustinuit
241 1335 406 1417 supplicia
418 1335 588 1416 passionis.
633 1334 680 1398 Et
730 1334 776 1397 tie
798 1334 951 1398 salutaris
975 1337 1104 1417 potavit
1128 1338 1230 1402 illurn.
1277 1340 1330 1403 Et.

74 1444 133 1505 per
162 1425 411 1487 immanitatem
439 1431 678 1486 tormentorum
796 1443 912 1485 ranum
935 1423 1092 1486 frumenti
1117 1424 1238 1506 [Lectio
1260 1427 1330 1508 viij.

73 1513 226 1594 pervenit
250 1513 293 1575 ad
321 1512 516 1574 societatem
543 1511 679 1591 angelo·
794 1511 884 1593 quod
901 1511 934 1573 in
953 1519 1075 1573 terram
1098 1513 1221 1575 cadens
1246 1534 1331 1576 mor-

73 1620 157 1663 mm
204 1598 357 1684 yCujus
376 1599 567 1661 intercessio
583 1599 679 1661 nobis
729 1606 823 1661 tuum
847 1598 929 1663 suit:
954 1598 1104 1663 Christus
1131 1601 1202 1663 sine
1228 1602 1331 1665 dubio

74 1688 228 1751 obtineat
241 1689 374 1751 veniam
390 1688 447 1768 qui
461 1707 520 1769 per
534 1696 679 1750 tormen·
728 1686 931 1767 intelligitur.
978 1686 1067 1769 Quia
1092 1689 1153 1750 nisi
1171 1710 1255 1751 unus
1271 1711 1330 1772 pro

74 1786 110 1838 ta
125 1776 292 1858 passionis
307 1786 456 1837 eternam
474 1776 591 1839 meruit
607 1774 679 1857 pal·
728 1774 884 1837 omnibus
931 1785 1138 1841 moreretur:
1186 1778 1330 1841 mundus

74 1884 166 1926 mam
190 1874 225 1928 et
248 1863 486 1945 sempiternam
512 1882 678 1927 coronam.
728 1863 837 1926 adhuc
854 1872 961 1926 morte
981 1873 1094 1926 eterna
1118 1876 1329 1946 premeretur.

75 1952 122 2016 Et
149 1972 218 2034 per.
264 1951 378 2016 Gloria
408 1951 503 2032 patri.
549 1950 594 2014 Et
618 1971 677 2033 per
730 1950 869 2014 Pulchre
899 1951 1012 2013 enim⁸
1045 1953 1199 2015 dominus
1232 1955 1330 2034 Jesus

73 2042 330 2103 immanitatem.
384 2040 427 2102 In
455 2038 501 2121 iij.
526 2049 679 2103 nocturno
730 2037 880 2103 Christus
894 2059 931 2101 se
945 2058 1049 2120 grano
1064 2039 1220 2103 frumenti
1240 2062 1331 2104 com-

72 2137 128 2193 ari.
173 2129 290 2210 Justus
305 2128 462 2192 dominus
476 2136 511 2190 et
527 2127 678 2208 justicias
728 2128 879 2208 paravit:
902 2129 960 2208 qui
984 2137 1017 2190 et
1041 2129 1178 2209 angelos
1201 2131 1234 2191 in
1258 2130 1330 2192 celo

72 2216 197 2280 dilexit
234 2217 417 2299 equitatem
455 2215 537 2278 vidit
567 2217 679 2279 vultus
729 2216 861 2297 pascit:
899 2225 933 2278 et
963 2215 1132 2279 hominem
1171 2218 1203 2280 in
1242 2227 1329 2280 terra

72 2304 155 2386 ejus.
204 2313 255 2385 pf.
303 2305 343 2367 In
370 2304 508 2366 domino
537 2303 678 2367 confido.
729 2304 855 2366 nutrit:
879 2312 980 2384 atque
1003 2324 1102 2367 omne
1124 2306 1247 2368 animal
1270 2327 1329 2368 sua

72 2394 143 2457 Ari.
192 2393 370 2456 Habitabit
401 2393 434 2454 in
465 2393 678 2456 tabernaculo
729 2390 835 2473 replet
859 2391 1097 2456 benedictione.
1143 2393 1200 2457 Re.
1247 2394 1329 2457 Bea-

73 2493 135 2544 tuo
158 2482 343 2563 requiescet
366 2481 399 2542 in
423 2490 537 2542 monte
561 2490 678 2543 sancto
729 2489 783 2541 tus
809 2481 860 2542 vir
874 2479 916 2543 N.
936 2480 992 2561 qui
1018 2491 1094 2562 post
1119 2501 1235 2544 aurum
1262 2503 1328 2544 non

29 2589 34 2595 ·
72 2581 144 2633 tuo.
180 2578 233 2650 ps'.
281 2569 427 2631 Domine
451 2570 525 2650 quis
550 2568 679 2631 habita·
728 2568 833 2630 abiit:
857 2588 918 2632 nec
941 2571 1085 2649 speravit
1110 2570 1142 2632 in
1166 2570 1330 2634 thesauris

73 2658 133 2721 bit
169 2659 238 2721 Αῆ.
272 2656 413 2720 Posuisti
430 2658 564 2719 domine
580 2676 680 2739 super
728 2657 875 2737 pecunie.
934 2656 1026 2719 Fecit
1053 2659 1141 2719 enim
1168 2658 1330 2722 mirabilia

75 2754 176 2826 caput
208 2744 281 2826 ejus
308 2765 465 2807 coronam
495 2745 537 2807 de
567 2744 679 2826 lapide
729 2745 762 2806 in
778 2745 847 2806 vita
862 2763 930 2806 sua.
978 2743 1090 2829 yQui
1103 2748 1211 2827 potuit
1225 2756 1330 2809 trans-

75 2834 233 2915 precioso.
284 2842 333 2914 pi.
387 2833 531 2896 Domine
556 2833 588 2895 in
616 2835 680 2895 vir·
728 2832 820 2913 gredi
837 2841 871 2894 et
887 2852 953 2894 non
966 2842 1016 2894 est
1028 2843 1272 2914 transgressus:
1297 2844 1331 2898 et

74 2931 156 2985 tute.
203 2921 380 3008 yMagna
402 2931 452 2984 est
476 2920 581 3002 gloria
607 2921 679 3002 ejus
728 2919 836 2984 facere
860 2921 948 2982 mala
963 2929 996 2982 et
1013 2941 1078 2983 non
1096 2921 1181 2986 iecit.
1228 2924 1329 2986 Fecit.

74 3011 109 3072 in
147 3009 285 3072 salutari
324 3021 391 3071 tuo.
458 3008 606 3073 Gloriam
645 3018 679 3072 et
727 3011 833 3139 lpse
848 3008 950 3071 etiam
966 3018 1017 3071 est
1031 3029 1171 3090 granum
1190 3010 1270 3093 [Lec.
1287 3011 1330 3075 ix.

75 3117 237 3180 magnum
254 3098 408 3161 decorem
422 3097 680 3179 imponessuper
773 3096 864 3178 quod
895 3098 975 3159 dum
1014 3097 1123 3160 solum
1162 3109 1329 3161 mortuum

75 3206 161 3249 eum.
289 3185 473 3248 Secundum
479 3185 678 3266 johannem.¹
729 3183 846 3249 fuerit:
870 3205 936 3247 non
955 3184 1062 3248 solum
1088 3186 1229 3249 multum
1247 3186 1331 3249 fruc-

74 3275 150 3404 Jn
173 3273 233 3336 illo
256 3281 415 3355 ternpore.
462 3274 560 3337 Dixit
582 3274 680 3354 Jesus
729 3281 801 3336 tum
832 3273 966 3336 attulit:
998 3273 1057 3335 sed
1088 3276 1189 3336 etiarn
1221 3285 1330 3336 totum

127 3360 301 3442 discipulis
325 3361 401 3423 suis.
448 3361 560 3424 Amen
581 3381 679 3425 amen
730 3361 892 3424 mundum
909 3361 1048 3442 spiritali
1060 3381 1167 3424 messe
1184 3363 1331 3443 replevit.

75 3450 150 3512 dico
162 3450 279 3513 vobis:
300 3450 361 3511 nisi
373 3469 512 3530 granum
524 3450 680 3513 frumenti
732 3449 809 3511 Hoc
821 3469 900 3530 ergo
924 3469 1064 3529 granum
1080 3471 1086 3512 :
1110 3451 1178 3511 suis
1202 3450 1330 3512 locutus

75 3539 243 3600 cadensin
255 3546 376 3599 terram
388 3547 555 3600 mortuum
567 3538 680 3602 suerit:
730 3547 780 3600 est
796 3538 965 3618 discipulis
988 3537 1110 3600 dicens.
1156 3537 1222 3618 Qui
1240 3546 1331 3599 amat

75 3626 184 3707 ipsum
208 3625 317 3688 solum
343 3634 464 3689 manet
510 3626 547 3691 Si
568 3637 680 3689 autem
731 3626 877 3688 animam
894 3646 1008 3688 suam:
1033 3626 1150 3707 perdet
1162 3646 1245 3688 eam.
1287 3626 1332 3687 Et

76 3725 248 3777 mortuum
276 3713 396 3776 suerit:
422 3713 565 3776 multum
596 3714 681 3777 sruc-
730 3713 787 3794 qui
815 3714 886 3776 odit
916 3714 1062 3775 animam
1089 3733 1184 3775 suam
1213 3715 1245 3775 in
1270 3713 1332 3776 hoc

77 3811 147 3864 turn
163 3802 270 3865 affert.
312 3802 358 3865 Et
374 3801 508 3883 reliqua
554 3801 682 3866 Omelia
732 3802 879 3864 mundo:
903 3801 936 3862 in
960 3802 1062 3863 vitam
1087 3811 1234 3863 eternam
1259 3822 1334 3864 cus-

77 3890 161 3952 bcati
173 3890 361 3969 ieronymi
365 3889 552 3970 presbyteri.
731 3890 818 3952 todit
843 3910 926 3952 eam.
972 3890 1029 3950 Re.
1077 3889 1174 3951 Miles
1200 3890 1333 3955 Christi.

78 3978 294 4112 solennem
332 3978 439 4041 sancti
474 3977 595 4061 [Lectt'o
624 3977 681 4060 vij.
730 3977 842 4041 Aliud
852 3976 1024 4039 secundum
1040 3976 1167 4039 lucam.⁴

137 4067 295 4147 martyris
318 4065 524 4129 celebrantes
549 4066 682 4148 trophe-
732 4068 797 4196 ln
826 4065 883 4128 illo
909 4075 1082 4146 tempore:
1111 4065 1210 4127 Dixit
1237 4066 1334 4145 Jesus

81 4175 155 4218 um:
179 4156 238 4238 qui
263 4154 346 4217 dum
371 4153 405 4215 in
429 4155 584 4235 granario
607 4175 683 4236 pas·
776 4153 946 4235 discipulis
973 4153 1048 4216 suis.
1101 4152 1136 4217 Si
1166 4153 1239 4234 quis
1263 4153 1336 4216 vult

81 4244 177 4306 sionis
186 4243 353 4306 contritus
362 4251 432 4305 est:
448 4243 532 4306 sicut
542 4262 682 4324 granum
733 4252 810 4323 post
825 4261 879 4304 me
894 4241 1024 4303 uenire:
1049 4240 1191 4322 abneget
1213 4251 1335 4303 seruet-

82 4329 233 4395 frumenti
272 4331 371 4413 panis
413 4331 518 4393 eterni
564 4331 683 4394 meruit
733 4331 842 4412 ipsum
858 4338 892 4392 et
908 4329 1004 4391 tollat
1027 4348 1157 4391 crucem
1183 4349 1277 4391 suam
1302 4338 1336 4391 et

227 4480 236 4510 ¹
257 4477 335 4543 ‘sifi’
346 4477 412 4526 add:
429 4478 528 4528 MS.
812 4479 824 4507 ⁸
839 4493 883 4540 pro
899 4477 983 4526 ‘enirn
994 4476 1000 4498 ’
1012 4484 1110 4525 autenti
1128 4477 1199 4526 G.N.

227 4546 238 4575 ²
256 4559 305 4608 pro
317 4544 423 4593 ‘etiam’
434 4559 505 4594 esse:
525 4544 551 4594 S.
814 4546 823 4573 ⁴
841 4543 965 4593 bratheum
977 4543 1042 4606 arpi:
1064 4542 1101 4591 W.
1109 4542 1136 4590 G.
1142 4544 1167 4591 S.
