2948 5004
673 317 889 374 COMMUNE

415 429 458 483 19

147 531 322 597 dominum
346 533 486 596 clamavi
512 543 546 597 et
576 533 749 598 exaudivit

148 642 202 684 me
232 623 274 685 de
302 632 415 685 monte
442 633 558 685 sancto
589 643 658 686 su0.
696 631 746 704 ps'.

149 710 294 773 Domine
330 711 410 792 quid
445 709 664 792 multiplicati.
725 727 749 797 y

149 797 263 861 Gloria
278 809 312 861 et
328 798 461 861 honore.
603 798 709 861 Lectio
714 800 745 880 j.

154 885 325 1020 Gloriosi
342 888 441 967 igitur
456 887 609 967 martyris
624 887 745 951 Christi

216 973 257 1037 N.
287 974 491 1038 celebrantes
512 974 747 1039 festivitatem:

148 1063 295 1124 venerari
326 1063 487 1125 debemus
514 1064 673 1144 patientie
699 1064 748 1144 ip-

148 1149 216 1212 sius
239 1152 468 1214 sanctitatem:
500 1152 557 1231 qui
589 1152 746 1233 quoniam

150 1236 271 1301 Christi
289 1238 437 1300 firmatus
459 1249 529 1301 erat
546 1240 747 1302 munimine:

148 1327 294 1408 superari
308 1347 373 1389 non
386 1328 493 1408 potuit
510 1328 542 1389 in
558 1328 748 1390 certamine.

150 1413 279 1496 Corpus
299 1436 377 1478 vero
401 1436 497 1477 suum
522 1416 660 1478 tradidit
679 1435 748 1478 car-

149 1501 319 1567 nificibus:
351 1505 496 1566 animam
534 1523 628 1566 suam
668 1504 746 1584 Jesu

148 1593 316 1655 commisit
368 1593 530 1654 manibus.
581 1593 639 1654 Rc.
679 1592 748 1655 Iste

149 1690 284 1742 sanctus
307 1700 367 1760 pro
384 1680 456 1760 lege
474 1680 527 1741 dei
543 1680 592 1741 sui
609 1681 748 1743 certavit

150 1786 253 1847 usque
283 1767 326 1829 ad
358 1778 499 1829 mortem
531 1777 565 1829 et
595 1788 615 1828 a
638 1768 747 1830 verbis

150 1852 326 1935 impiorum
343 1875 409 1917 non
426 1855 545 1917 timuit.
575 1854 747 1917 Fundatus

147 1942 238 2004 enim
254 1952 324 2005 erat
340 1963 438 2024 supra
455 1942 583 2004 firmam
609 1953 746 2023 petram.

149 2045 172 2179 ἶ
205 2031 390 2093 Munimine
418 2032 508 2111 regio
535 2040 648 2111 septus
675 2033 747 2094 nul·

161 2127 278 2181 atenus
293 2128 344 2181 est
360 2121 402 2182 ab
419 2119 612 2181 adversariis
635 2139 747 2200 super-

149 2207 243 2268 atus.¹
590 2207 697 2270 Lectio
712 2208 747 2288 ij.

148 2295 272 2426 Dies
310 2294 488 2357 hodiernus
515 2294 664 2374 angelico
690 2297 747 2358 de·

240 2403 316 2446 core
347 2385 456 2445 nitens
494 2383 615 2445 effulsit
646 2403 745 2464 quem

148 2472 253 2534 sancti
282 2471 323 2534 N.
353 2472 506 2552 martyris
530 2491 651 2533 corona
673 2492 746 2534 ves-

147 2559 241 2623 tivit:
264 2559 546 2640 cujus²sestivitas
557 2559 746 2622 veneranda

147 2647 246 2710 hodie
296 2647 425 2710 illuxit:
473 2648 551 2728 quia
589 2647 745 2710 exultans

147 2747 283 2799 cunctos
299 2737 376 2799 vicit
393 2735 523 2798 hostes:
540 2736 625 2797 etad
644 2756 745 2816 regna

147 2826 308 2907 promissa
325 2825 385 2887 sibi
403 2833 565 2906 properat.
591 2823 648 2886 Re.
678 2823 744 2886 De·

146 2914 302 2978 siderium
319 2915 428 2977 anime
454 2912 527 2992 ejus
549 2912 691 2974 tribuisti
715 2912 745 2974 ei

146 3003 289 3065 domine.
331 3003 374 3066 Et
405 3001 610 3063 voluntatem
642 3000 744 3061 labio-

147 3111 218 3152 rum
236 3093 307 3171 ejus
332 3110 396 3152 non
414 3089 572 3151 fraudasti
589 3108 674 3150 eum.
722 3104 743 3172 p

147 3179 288 3241 Posuisti
313 3178 470 3257 incapite
492 3176 562 3254 ejus
588 3195 743 3237 coronam

146 3268 188 3329 de
201 3267 311 3348 lapide
328 3266 484 3346 precioso.
532 3263 575 3324 Et
592 3262 744 3325 volunta-

145 3365 223 3418 tem.
574 3350 680 3412 Lectio
696 3351 743 3432 iij.

143 3439 744 3575 lbatnanquesanctusistemartyr

192 3533 232 3594 N.
249 3551 307 3612 per
337 3529 507 3608 angustias
531 3535 631 3609 atquc
653 3547 743 3607 pres·

143 3641 236 3682 suras
254 3640 261 3681 :
279 3618 453 3699 projiciens
484 3616 515 3677 in
540 3625 626 3677 terra
653 3625 742 3678 artus

143 3708 276 3789 fragiles
313 3715 507 3786 accepturus
548 3724 568 3765 a
605 3704 742 3767 domino

143 3806 256 3859 eterne
304 3792 576 3856 remunerationis
625 3790 741 3855 flores:

143 3885 221 3966 quia
250 3883 357 3962 justus
389 3890 425 3942 ut
456 3879 568 3965 palma
603 3877 740 3944 florebit.

144 3973 259 4035 Nescit
280 3973 368 4031 enim
391 3988 536 4049 unquam
561 3969 591 4028 in
618 3969 740 4030 sanctis

143 4059 334 4122 florentibus
353 4059 452 4119 decor
468 4057 521 4118 ille
539 4076 739 4118 marcorem:

142 4150 193 4210 cui
211 4150 364 4210 dominus
386 4157 546 4225 tanquam
564 4142 739 4224 perhennis

142 4237 261 4298 fluvius
289 4235 462 4298 continuos
489 4233 601 4294 latices
627 4241 659 4292 et
692 4254 739 4294 re-

141 4325 271 4406 frigeria
289 4324 378 4403 larga
392 4323 564 4383 ministrat.
588 4320 645 4382 Re.
664 4320 739 4400 Jus-

242 4475 248 4502 ¹
270 4471 429 4519 ‘Fundatus’
443 4469 554 4518 arlde.

240 4542 249 4570 ²
267 4539 362 4600 Cujus:
381 4538 413 4585 G.

1082 429 1135 484 20

799 539 854 596 tus
869 533 1071 616 germinabit
1086 536 1172 598 sicut
1195 535 1310 600 lilium.
1356 537 1402 602 Et

800 620 932 685 florebit
958 623 990 684 in
1016 632 1168 687 eternum
1191 634 1270 688 ante
1294 625 1401 689 domi-

800 729 889 774 num.
932 710 1143 796 yPlantatus
1167 713 1200 774 in
1223 713 1327 776 domo
1342 714 1402 776 do-

803 798 883 860 mini
911 799 944 860 in
967 800 1059 861 atriis
1075 801 1194 863 domus
1210 802 1263 863 dei
1288 804 1400 865 nostri.

804 885 849 949 Et
865 885 1004 950 florebit.
1029 887 1150 951 Gloria
1191 889 1236 952 Et
1253 889 1393 953 florebit

803 978 835 1052 fl
851 975 893 1036 In
909 975 943 1056 ij.
961 984 1112 1038 nocturno
1126 985 1179 1039 ari.
1204 977 1278 1040 Filii
1294 977 1402 1040 homi-

802 1081 882 1124 num
909 1063 1028 1126 scitote
1051 1065 1209 1144 quoniam
1244 1066 1402 1129 dominus

801 1160 954 1213 sanctum
985 1172 1081 1215 suum
1112 1151 1306 1217 mirificavit
1348 1163 1401 1235 pi.

802 1237 889 1302 Cum
906 1240 1100 1303 invocarem.
1117 1240 1183 1303 Αῇ.
1197 1241 1302 1306 Scuto
1314 1241 1402 1305 bone

801 1324 1006 1389 voluntatis³
1043 1329 1208 1391 coronasti
1234 1349 1311 1393 eum
1341 1331 1403 1393 do-

801 1414 899 1478 mine.
937 1423 988 1496 pi.
1027 1416 1139 1479 Verba
1178 1437 1261 1480 mea
1311 1419 1402 1482 Aria.

803 1502 842 1564 In
856 1503 1007 1566 universa
1016 1513 1103 1567 terra
1114 1503 1219 1585 gloria
1229 1515 1263 1568 et
1275 1504 1402 1569 honore

799 1592 966 1654 coronasti
981 1611 1067 1655 eum.
1097 1601 1148 1673 pf.
1180 1593 1325 1657 Domine
1341 1595 1402 1657 do-

801 1678 910 1742 minus
926 1689 1046 1743 noster.
1077 1681 1251 1766 yPosuisti
1265 1682 1402 1745 domine

800 1786 900 1848 super
915 1776 1016 1848 caput
1040 1767 1119 1849 ejus
1166 1768 1334 1833 Coronam
1357 1770 1402 1833 de

801 1853 913 1936 lapide
929 1856 1086 1936 precioso.

885 1942 971 2006 lmus
1001 1944 1055 2006 dei
1086 1952 1212 2026 martyr
1239 1946 1282 2009 N.
1305 1945 1401 2026 cujus

883 2033 1072 2094 certaminis
1110 2032 1225 2095 laudes
1264 2033 1401 2115 proseri-

801 2137 894 2182 mus:
921 2118 1239 2202 intrepidus·¹hausit
1261 2121 1400 2186 calicem

800 2207 961 2287 passionis
992 2208 1026 2269 in
1056 2210 1171 2271 terris:
1195 2218 1231 2272 ut
1257 2210 1400 2273 convivii

799 2295 903 2356 eterni
918 2296 1042 2375 gaudio
1062 2296 1247 2360 reficeretur
1262 2296 1296 2359 in
1312 2298 1402 2362 celis

800 2382 896 2444 Brevi
913 2383 1048 2463 quidem
1059 2405 1119 2466 pro
1130 2384 1262 2448 labore:
1284 2395 1402 2450 eterno

799 2469 924 2532 ditatur
948 2470 1080 2536 honore.
1125 2473 1183 2536 Rc.
1231 2473 1300 2536 Iste
1322 2493 1402 2556 cog·

799 2557 890 2620 novit
903 2558 1070 2639 justiciam
1087 2570 1120 2623 et
1135 2561 1220 2624 vidit
1237 2561 1402 2625 mirabilia
1439 2589 1441 2594 ’

799 2665 922 2727 magna
948 2656 982 2709 et
1009 2650 1160 2711 exoravit
1190 2648 1400 2714 altissimum.

800 2732 845 2796 Et
862 2735 1014 2797 inventus
1029 2746 1079 2798 est
1097 2738 1129 2798 in
1145 2757 1283 2800 numero
1306 2758 1401 2800 sanc-

798 2830 915 2884 torum.
962 2838 986 2908 y
1010 2824 1078 2887 lste
1094 2826 1212 2906 estqui
1228 2835 1401 2908 contemp-

798 2910 840 2972 sit
865 2910 967 2972 vitam
992 2913 1107 2975 mundi
1126 2922 1160 2975 et
1183 2915 1333 2994 pervenit
1355 2914 1399 2976 ad

798 2997 934 3061 celestia
979 3020 1088 3082 regna
1150 3001 1195 3064 Et
1244 3003 1400 3065 inventus

798 3095 857 3148 est.
1245 3090 1354 3152 Lectio
1369 3111 1398 3154 v.

797 3175 979 3306 Sanctus
1003 3185 1129 3258 martyr
1147 3176 1209 3240 iste
1225 3177 1266 3240 N.
1283 3198 1401 3259 corpo-

863 3263 906 3325 ris
922 3265 1066 3326 amando
1082 3264 1218 3328 vulnera
1229 3267 1271 3328 ad
1284 3275 1401 3328 eterna

797 3349 903 3413 victor
924 3353 1073 3432 pervenit
1098 3373 1243 3416 munera
1290 3355 1400 3416 Fortis

798 3440 979 3519 permansit
995 3441 1028 3502 in
1044 3442 1243 3504 certamine:
1267 3451 1302 3504 et
1321 3461 1400 3505 ecce

797 3525 831 3588 in
863 3527 974 3590 celesti
1000 3528 1121 3591 letatur
1144 3528 1297 3592 culmine.
1354 3529 1399 3592 Et

796 3614 853 3696 qui
885 3615 918 3676 in
950 3617 1075 3679 mundo
1101 3617 1421 3698 contemnebaturs

796 3721 884 3764 nunc
915 3703 948 3765 in
978 3704 1050 3767 celo
1079 3704 1284 3769 sublimatur.
1339 3706 1398 3770 Re.

798 3790 943 3853 Domine
958 3793 1134 3873 prevenisti
1155 3813 1231 3855 eum
1248 3794 1281 3856 in
1298 3792 1400 3856 bene·

796 3878 995 3942 dictionibus
1016 3881 1207 3944 dulcedinis.
1255 3882 1398 3944 Posuisti

796 3967 829 4028 in
846 3968 954 4047 capite
970 3968 1040 4048 ejus
1057 3989 1213 4031 coronam
1229 3969 1271 4032 de
1288 3970 1399 4052 lapide

796 4054 953 4135 precioso.
1009 4073 1031 4140 p
1054 4058 1169 4119 Vitam
1195 4059 1292 4139 petiit
1320 4079 1340 4120 a
1366 4068 1398 4120 te

796 4152 828 4204 et
853 4143 995 4205 tribuisti
1011 4145 1040 4206 ei
1063 4144 1303 4226 longitudinem
1328 4146 1399 4209 die-

797 4250 867 4291 rum
893 4231 925 4293 in
954 4232 1100 4296 seculum
1127 4233 1238 4299 seculi.
1296 4235 1399 4297 Posu-

795 4319 857 4382 isti.
1233 4323 1340 4385 Lectio
1356 4325 1395 4405 ψ’

907 4469 917 4496 ⁸
936 4469 1007 4516 ‘lue’
1025 4469 1094 4519 add:
1113 4471 1227 4521 w.E.G.

911 4537 919 4564 ⁸
936 4536 1143 4584 contemnebatur:
1160 4537 1193 4586 E.
